@book{alma99116838938605511,
author = {Dickhäuser, Oliver and Schöne, Claudia and Spinath, Birgit},
address = {Göttingen},
booktitle = {Psychologie der Motivation und Emotion Grundlagen und Anwendung in ausgewählten Lern- und Arbeitskontexten},
edition = {1. Auflage},
isbn = {9783801728762},
keywords = {Motivation -- Pädagogische Psychologie},
language = {ger},
publisher = {Hogrefe},
title = {Psychologie der Motivation und Emotion : Grundlagen und Anwendung in ausgewählten Lern- und Arbeitskontexten},
year = {2018},
}

@book{alma99116996690305511,
author = {Wisniewski, Benedikt},
address = {Stuttgart},
edition = {3rd, Revised ed.},
isbn = {3-8385-5212-1},
keywords = {Schulpädagogik},
language = {ger},
publisher = {utb GmbH},
title = {Psychologie für die Lehrerbildung},
year = {2019},
}

@book{alma99117228235505511,
author = {Gudjons, Herbert and Traub, Silke},
address = {Stuttgart},
booktitle = {Pädagogisches Grundwissen Überblick - Kompendium - Studienbuch},
edition = {13th, Revised ed.},
isbn = {3-8385-5523-6},
keywords = {Erziehungswissenschaft},
language = {ger},
publisher = {utb GmbH},
title = {Pädagogisches Grundwissen : Überblick - Kompendium - Studienbuch},
year = {2020},
}

