@book{kaiser,
author = {Pech, Detlef and Kaiser, Astrid},
address = {Baltmannsweiler},
edition = {6. unveränderte Auflage},
isbn = {9783834003911},
keywords = {Fachdidaktik},
language = {ger},
publisher = {Schneider Verlag Hohengehren GmbH},
series = {Basiswissen Sachunterricht Band 5, Ed. 6},
title = {Unterrichtsplanung und Methoden},
year = {2018},
}

@book{maier,
author = {Maier, Uwe},
address = {Stuttgart},
booktitle = {Lehr-Lernprozesse in der Schule Studium},
copyright = {OCoLC 20121113 Droits réservés},
isbn = {9783825237677},
keywords = {Enseignement},
language = {ger},
publisher = {UTB},
series = {UTB 3767},
title = {Lehr-Lernprozesse in der Schule: Studium},
year = {2012},
}


@article{gas,
issn = {2198-4549},
language = {ger},
publisher = {Aulis},
journal = {Geographie aktuell \& Schule},
author={Sibylle Reinfried},
title={Kompetenzorientierte Lernaufgaben – mehr als alter Wein in neuen Schläuchen?},
volume={28},
number={223},
pages={4--14},
year = {2016},
}

@book{tulo,
author = {Tulodziecki, Gerhard and Herzig, Bardo and Blömeke, Sigrid},
address = {Stuttgart},
booktitle = {Gestaltung von Unterricht Eine Einführung in die Didaktik},
edition = {3rd, Revised, Enlarged ed.},
isbn = {3-8385-4794-2},
keywords = {Unterricht},
language = {ger},
publisher = {utb GmbH},
title = {Gestaltung von Unterricht : Eine Einführung in die Didaktik},
year = {2017},
}

@book{roth,
author = {Roth, Heinrich},
address = {Hannover},
edition = {12. Aufl.},
keywords = {Lernpsychologie},
language = {ger},
publisher = {Hermann Schroedel Verlag},
title = {Pädagogische Psychologie des Lehrens und Lernens},
year = {1970},
}



@book{grell,
author = {Grell, Jochen and Grell, Monika},
address = {Weinheim},
edition = {Neu ausgestattete Sonderausgabe der 12. Auflage},
isbn = {9783407255419},
keywords = {Enseignement},
language = {ger},
publisher = {Beltz},
series = {Pädagogik. Unterricht},
title = {Unterrichtsrezepte},
year = {2013},
}

@article{chem,
address = {Seelze},
issn = {0946-2139},
journal = {Naturwissenschaften im Unterricht Chemie},
author = {Wilhelm M., Luthiger H., Wespi C.},
title = {Mit Aufgaben Kompetenzen und Vorstellungen erfassen. Ein Kategorienssytem und ein Prozessmodell als Hilfe zur Planung von Aufgaben.},
keywords = {Chemieunterricht},
language = {ger},
publisher = {Friedrich},
title = {Naturwissenschaften im Unterricht Chemie },
year = {2014},
}

